<record><leader>00000cas a22000007a 4500</leader><controlfield tag="001">20978808</controlfield><controlfield tag="008">900131d198019uunhuwr ne      0    0eng d</controlfield><datafield ind1=" " ind2=" " tag="010"><subfield code="a">sn 90062224 </subfield></datafield><datafield ind1=" " ind2=" " tag="040"><subfield code="a">NVH</subfield><subfield code="b">eng</subfield><subfield code="c">NVH</subfield><subfield code="d">NSD</subfield><subfield code="d">OCLCQ</subfield></datafield><datafield ind1=" " ind2=" " tag="042"><subfield code="a">msc</subfield></datafield><datafield ind1="0" ind2=" " tag="130"><subfield code="a">Enterprise (Bristol, N.H.)</subfield></datafield><datafield ind1="1" ind2="0" tag="245"><subfield code="a">Enterprise.</subfield></datafield><datafield ind1=" " ind2=" " tag="260"><subfield code="a">Bristol, N.H. :</subfield><subfield code="b">R.W. Musgrove</subfield></datafield><datafield ind1=" " ind2=" " tag="300"><subfield code="a">v.</subfield></datafield><datafield ind1=" " ind2=" " tag="310"><subfield code="a">Weekly</subfield></datafield><datafield ind1="0" ind2=" " tag="362"><subfield code="a">103rd year, no. 20 (Oct. 2, 1980)-</subfield></datafield><datafield ind1=" " ind2=" " tag="580"><subfield code="a">Merged with: Record citizen; to form: Record enterprise.</subfield></datafield><datafield ind1=" " ind2=" " tag="752"><subfield code="a">United States</subfield><subfield code="b">New Hampshire</subfield><subfield code="c">Grafton</subfield><subfield code="d">Bristol.</subfield></datafield><datafield ind1="0" ind2="0" tag="780"><subfield code="t">Bristol enterprise</subfield><subfield code="w">(DLC)sn 90062223</subfield></datafield><datafield ind1="1" ind2="7" tag="785"><subfield code="t">Record citizen</subfield><subfield code="w">(DLC)sn 90062316</subfield><subfield code="w">(OCoLC)21349531</subfield></datafield><datafield ind1="1" ind2="7" tag="785"><subfield code="t">Record enterprise (Plymouth, N.H.)</subfield><subfield code="x">1070-745X</subfield><subfield code="w">(DLC)sn 93007612</subfield><subfield code="w">(OCoLC)28405919</subfield></datafield></record>